@misc{www:ffc,
    author = {A. Logg},
    title = {{FFC}},
    year = {2007},
    note = {\url{http://www.fenics.org/ffc/}},
}

@misc{www:syfi,
    author = {M. Aln\ae{}s and K--A Mardal},
    title = {{S}y{F}i},
    year = {2007},
    note = {\url{http://www.fenics.org/syfi/}},
}
